%% This BibTeX bibliography file was created using BibDesk.
%% http://bibdesk.sourceforge.net/


%% Created for Matthias Geissb√ºhler at 2011-03-21 13:46:46 +0100 


%% Saved with string encoding Unicode (UTF-8) 

@book{Peters2017,
author = {Peters, J. and Janzing, D. and Sch\"olkopf, B.},
title = {Elements of Causal Inference: Foundations and Learning Algorithms},
address = {Cambridge, MA, USA},
publisher = {MIT Press},
year = {2017}
}

@article{Mooij2016jmlr,
author = {J. M. Mooij and J. Peters and D. Janzing and J. Zscheischler and B. Sch\"olkopf},
year = {2016},
volume = {17},
number = {32},
pages = {1--102},
title = {Distinguishing cause from effect using observational data: methods and benchmarks},
journal = {Journal of Machine Learning Research}
}

@book{cover1999elements,
  title={Elements of information theory},
  author={Cover, Thomas M},
  year={1999},
  publisher={John Wiley \& Sons}
}

@inproceedings{seabold2010statsmodels,
  title={statsmodels: Econometric and statistical modeling with python},
  author={Seabold, Skipper and Perktold, Josef},
  booktitle={9th Python in Science Conference},
  year={2010},
}

@ARTICLE{shannon,
  author={C. E. {Shannon}},
  journal={The Bell System Technical Journal}, 
  title={A mathematical theory of communication}, 
  year={1948},
  volume={27},
  number={3},
  pages={379-423},
}


@article{sriperumbudur2009integral,
  title={On integral probability metrics,$\backslash$phi-divergences and binary classification},
  author={Sriperumbudur, Bharath K and Fukumizu, Kenji and Gretton, Arthur and Sch{\"o}lkopf, Bernhard and Lanckriet, Gert RG},
  journal={arXiv preprint arXiv:0901.2698},
  year={2009}
}

@article{muller1997integral,
  title={Integral probability metrics and their generating classes of functions},
  author={M{\"u}ller, Alfred},
  journal={Advances in Applied Probability},
  pages={429--443},
  year={1997},
  publisher={JSTOR}
}

@misc{BartlettNotes,
  author        = {Peter Bartlett},
  title         = {Reproducing Kernel Hilbert Spaces, CS281B/Stat241B (Spring 2008) Statistical Learning Theory},
  month         = {Spring},
  year          = {2008},
  publisher={EECS Berkeley}
}

@misc{Peters2008diploma,
author = {J. Peters}, 
title = {Asymmetries of Time Series under Inverting their Direction},
howpublished = {Diploma Thesis, University of Heidelberg},
year = {2008},
note = {\url{http://stat.ethz.ch/people/jopeters}}
}

